@online{SWG17,
    title={Nutzung von Cloud Computing in Unternehmen boomt},
    url={https://www.bitkom.org/Presse/Presseinformation/Nutzung-von-Cloud-Computing-in-Unternehmen-boomt.html},
    year={2017},
    month={3},
    author={Andreas Streim and Dr Mathias Weber and Franz Grimm},
    organization={Bitkom e.V.},
    urldate={2017-06-17}
}
@book{RZ17,
    title={Studie: Cloud Computing in der IKT-Branche},
    url={https://depositonce.tu-berlin.de/bitstream/11303/3116/1/Dokument_32.pdf},
    year={2011},
    month={4},
    author={Jonas Repschläger and Rüdiger Zarnekow},
    organization={TU Berlin},
    urldate={2017-06-17},
    publisher={TU Berlin},
    isbn={978-3-7983-2305-6},
}
@online{aws,
    title={Informationen zu AWS},
    url={https://aws.amazon.com/de/about-aws/},
    urldate={2017-06-17},
    author={Amazon Web Services, Inc},
}
@online{Fou,
    title={Amazon Web Services},
    url={https://de.wikipedia.org/wiki/Amazon_Web_Services},
    urldate={2017-06-17},
    organization={Wikimedia Foundation},
    author={Wikimedia Foundation}
}
@online{ec2,
    title={Amazon EC2},
    url={https://aws.amazon.com/de/ec2/},
    urldate={2017-06-18},
    author={Amazon Web Services, Inc},
}
@online{ec2details,
    title={Amazon EC2 – Produktdetails},
    url={https://aws.amazon.com/de/ec2/details/},
    urldate={2017-06-18},
    author={Amazon Web Services, Inc},
}
@online{instance,
    title={Amazon EC2-Instance-Typen},
    url={https://aws.amazon.com/de/ec2/instance-types/},
    urldate={2017-06-19},
    author={Amazon Web Services, Inc},
}
@online{region,
    title={Globale AWS-Infrastruktur},
    url={https://aws.amazon.com/de/about-aws/global-infrastructure/},
    urldate={2017-06-25},
    author={Amazon Web Services, Inc},
}
@online{govcloud,
    title={AWS GovCloud (US)},
    url={https://aws.amazon.com/de/govcloud-us/},
    urldate={2017-06-25},
    author={Amazon Web Services, Inc},
}
@online{virtualization,
    title={Linux AMI Virtualization Types},
    url={https://docs.aws.amazon.com/de_de/AWSEC2/latest/UserGuide/virtualization_types.html},
    urldate={2017-07-01},
    author={Amazon Web Services, Inc},
}
@online{container,
    title={Amazon EC2 Container Service (ECS) – Container Management for the AWS Cloud},
    url={https://aws.amazon.com/de/blogs/aws/cloud-container-management/},
    urldate={2017-07-01},
    organization={Amazon Web Services, Inc},
    author={Jeff Barr}
}
@online{docker,
    title={Docker overview},
    url={https://docs.docker.com/engine/docker-overview/#the-underlying-technology},
    urldate={2017-07-02},
    author={Docker Inc},
}
@online{setns,
    title={setns},
    url={http://man7.org/linux/man-pages/man2/setns.2.html},
    urldate={2017-07-02},
    author={The Linux Foundation},
}
@online{namespace,
    title={Resource management: Linux kernel Namespaces and cgroups},
    url={https://pdfs.semanticscholar.org/d4e8/bf2b00a27c73e70323fc8f764247c77ebdd9.pdf},
    urldate={2017-07-02},
    author={Rami Rosen},
}
@online{ipc,
    title={Interprozesskommunikation},
    url={https://de.wikipedia.org/wiki/Interprozesskommunikation},
    urldate={2017-07-02},
    author={Wikimedia Foundation},
}
@online{cgroups,
    title={cgroups},
    url={https://en.wikipedia.org/wiki/Cgroups},
    urldate={2017-07-02},
    author={Wikimedia Foundation},
}
@online{penetration,
    title={Penetrationstests},
    url={https://aws.amazon.com/de/security/penetration-testing/},
    urldate={2017-07-03},
    author={Amazon Web Services, Inc},
}
@online{encryption,
    title={Protecting Data Using Encryption},
    url={https://docs.aws.amazon.com/de_de/AmazonS3/latest/dev/UsingEncryption.html},
    urldate={2017-07-03},
    author={Amazon Web Services, Inc},
}
@online{mfa,
    title={Using Multi-Factor Authentication (MFA) in AWS},
    url={https://docs.aws.amazon.com/de_de/IAM/latest/UserGuide/id_credentials_mfa.html},
    urldate={2017-07-03},
    author={Amazon Web Services, Inc},
}
@online{iam,
    title={AWS Identity and Access Management},
    url={https://docs.aws.amazon.com/de_de/IAM/latest/UserGuide/getting-started.html},
    urldate={2017-07-03},
    author={Amazon Web Services, Inc},
}
@online{calculator,
    title={Estimate your costs – AWS Simple Monthly Calculator},
    url={https://aws.amazon.com/de/blogs/aws/estimate-your-c/},
    urldate={2017-07-03},
    author={Jeff Barr},
}
